<?xml version="1.0" encoding="UTF-8"?><collection xmlns="http://www.loc.gov/MARC21/slim"><record><leader>00616nam--2200181-u-4500</leader><controlfield tag="001">000051773</controlfield><controlfield tag="002">20161230</controlfield><controlfield tag="005">20170118194832</controlfield><controlfield tag="008">080929s1000------------r-----000-0-eng-d</controlfield><datafield ind1=" " ind2=" " tag="040"><subfield code="a">IFIN-HH</subfield></datafield><datafield ind1=" " ind2=" " tag="080"><subfield code="a">517.944</subfield></datafield><datafield ind1="1" ind2=" " tag="100"><subfield code="a">Hadamard, Jacques</subfield></datafield><datafield ind1="1" ind2="0" tag="245"><subfield code="a">Le Probleme de Cauchy et les equations aux derivees pertielles lineaires hyperboliques. Lecons professees a l'Universite Yale. Traduites de L'anglais par M-lle J. Hadamard</subfield></datafield><datafield ind1=" " ind2=" " tag="250"><subfield code="a">Edition revue et notablement augmente</subfield></datafield><datafield ind1=" " ind2=" " tag="260"><subfield code="a">Paris</subfield><subfield code="b">Hermann et Cie, Editeurs</subfield><subfield code="c">1932</subfield></datafield><datafield ind1=" " ind2=" " tag="300"><subfield code="a">542 p</subfield></datafield><datafield ind1=" " ind2=" " tag="852"><subfield code="a">12804</subfield><subfield code="c">517.9</subfield></datafield><datafield ind1=" " ind2=" " tag="CAT"><subfield code="a">SYS</subfield><subfield code="c">20170118</subfield><subfield code="h">194832</subfield></datafield></record></collection>